<?xml version="1.0" encoding="UTF-8"?><record xmlns="http://www.loc.gov/MARC21/slim" xmlns:cinclude="http://apache.org/cocoon/include/1.0" xmlns:zs="http://www.loc.gov/zing/srw/">
  <leader>00775cz  a2200193n  4500</leader>
  <controlfield tag="001">no2006131858</controlfield>
  <controlfield tag="003">DLC</controlfield>
  <controlfield tag="005">20140425073913.0</controlfield>
  <controlfield tag="008">061205n| azannaabn          |b ana     c</controlfield>
  <datafield tag="010" ind1=" " ind2=" ">
    <subfield code="a">no2006131858</subfield>
  </datafield>
  <datafield tag="035" ind1=" " ind2=" ">
    <subfield code="a">(OCoLC)oca07275055</subfield>
  </datafield>
  <datafield tag="040" ind1=" " ind2=" ">
    <subfield code="a">WaU</subfield>
    <subfield code="b">eng</subfield>
    <subfield code="e">rda</subfield>
    <subfield code="c">WaU</subfield>
    <subfield code="d">DLC-S</subfield>
    <subfield code="d">DNLM</subfield>
  </datafield>
  <datafield tag="110" ind1="2" ind2=" ">
    <subfield code="a">Jāmiʻah al-Hāshimīyah (Jordan)</subfield>
  </datafield>
  <datafield tag="410" ind1="2" ind2=" ">
    <subfield code="a">Hashemite University (Jordan)</subfield>
  </datafield>
  <datafield tag="410" ind1="2" ind2=" ">
    <subfield code="a">جامعة الهاشمية</subfield>
  </datafield>
  <datafield tag="410" ind1="2" ind2=" ">
    <subfield code="a">جامعة الهاشمية (اردن)</subfield>
  </datafield>
  <datafield tag="667" ind1=" " ind2=" ">
    <subfield code="a">Non-Latin script reference not evaluated..</subfield>
  </datafield>
  <datafield tag="670" ind1=" " ind2=" ">
    <subfield code="a">Waqāʼiʻ Nadwat "al-Ḥusayn: Āfāq wa-Ruʼá", 2000:</subfield>
    <subfield code="b">t.p. (Jāmiʻah al-Hāshimīyah = جامعة الهاشمية)</subfield>
  </datafield>
  <datafield tag="670" ind1=" " ind2=" ">
    <subfield code="a">Factors influencing faculty participation in e-learning, 2006:</subfield>
    <subfield code="b">abstract (Hashemite University)</subfield>
  </datafield>
</record>